<?xml version="1.0" encoding="UTF-8"?><collection xmlns="http://www.loc.gov/MARC21/slim"><record><leader>00571nam--2200169-i-4500</leader><controlfield tag="001">000036526</controlfield><controlfield tag="002">20161230</controlfield><controlfield tag="005">20161230201041</controlfield><controlfield tag="008">060222s1000------------r-----000-0-eng-d</controlfield><datafield ind1=" " ind2=" " tag="040"><subfield code="a">IFIN-HH</subfield></datafield><datafield ind1=" " ind2=" " tag="080"><subfield code="a">539.183.4:532.783(043)</subfield></datafield><datafield ind1="1" ind2=" " tag="100"><subfield code="a">Polnaszek, Carl Francis</subfield></datafield><datafield ind1="1" ind2="0" tag="245"><subfield code="a">An electron spin resonance study of rotational reorientation and spin relaxation in liquid crystal media</subfield><subfield code="b">Dissertation</subfield><subfield code="c">Carl francis polnaszek</subfield></datafield><datafield ind1=" " ind2=" " tag="260"><subfield code="a">An Arbor, Michigan</subfield><subfield code="b">University Microfilms Inc</subfield><subfield code="c">1976</subfield></datafield><datafield ind1=" " ind2=" " tag="300"><subfield code="a">XI+606P</subfield></datafield><datafield ind1=" " ind2=" " tag="852"><subfield code="a">47103</subfield><subfield code="c">539.18</subfield></datafield><datafield ind1=" " ind2=" " tag="CAT"><subfield code="a">Sys</subfield><subfield code="c">20120704</subfield><subfield code="h">144906</subfield></datafield></record></collection>